<record><leader>00000cas a2200000 a 4500</leader><controlfield tag="001">33828256</controlfield><controlfield tag="008">951130d192u199ufluwr ne      0    0eng c</controlfield><datafield ind1=" " ind2=" " tag="010"><subfield code="a">sn 95047335 </subfield></datafield><datafield ind1=" " ind2=" " tag="040"><subfield code="a">FUG</subfield><subfield code="b">eng</subfield><subfield code="c">FUG</subfield><subfield code="d">OCLCQ</subfield><subfield code="d">OCLCF</subfield><subfield code="d">OCLCO</subfield></datafield><datafield ind1=" " ind2=" " tag="012"><subfield code="i">9511</subfield></datafield><datafield ind1="1" ind2=" " tag="029"><subfield code="a">AU@</subfield><subfield code="b">000025891494</subfield></datafield><datafield ind1=" " ind2=" " tag="042"><subfield code="a">pcc</subfield></datafield><datafield ind1=" " ind2=" " tag="043"><subfield code="a">n-us-fl</subfield></datafield><datafield ind1="0" ind2="0" tag="245"><subfield code="a">Fort Meade leader.</subfield></datafield><datafield ind1="3" ind2="0" tag="246"><subfield code="a">Ft. Meade leader</subfield></datafield><datafield ind1=" " ind2=" " tag="260"><subfield code="a">Fort Meade, Fla. :</subfield><subfield code="b">A.B. Meek and A.L. Cleveland</subfield></datafield><datafield ind1=" " ind2=" " tag="300"><subfield code="a">v.</subfield></datafield><datafield ind1=" " ind2=" " tag="310"><subfield code="a">Semiweekly,</subfield><subfield code="b">&lt;1995&gt;</subfield></datafield><datafield ind1=" " ind2=" " tag="321"><subfield code="a">Weekly,</subfield><subfield code="b">&lt;1928&gt;</subfield></datafield><datafield ind1=" " ind2=" " tag="500"><subfield code="a">Publisher: Frisbee Pub. Co., &lt;1995&gt;.</subfield></datafield><datafield ind1=" " ind2=" " tag="588"><subfield code="a">Description based on: 18th year, [no.] 51 (Mar. 22, 1928).</subfield></datafield><datafield ind1=" " ind2=" " tag="588"><subfield code="a">Latest issue consulted: Vol. 86, no. 104 (Dec. 29, 1995).</subfield></datafield><datafield ind1=" " ind2="0" tag="651"><subfield code="a">Fort Meade (Fla.)</subfield><subfield code="v">Newspapers.</subfield></datafield><datafield ind1=" " ind2="0" tag="651"><subfield code="a">Polk County (Fla.)</subfield><subfield code="v">Newspapers.</subfield></datafield><datafield ind1=" " ind2="7" tag="655"><subfield code="a">Newspapers.</subfield><subfield code="2">fast</subfield><subfield code="0">(OCoLC)fst01423814</subfield></datafield><datafield ind1=" " ind2="7" tag="651"><subfield code="a">Florida</subfield><subfield code="z">Fort Meade.</subfield><subfield code="2">fast</subfield><subfield code="0">(OCoLC)fst01215439</subfield></datafield><datafield ind1=" " ind2="7" tag="651"><subfield code="a">Florida</subfield><subfield code="z">Polk County.</subfield><subfield code="2">fast</subfield><subfield code="0">(OCoLC)fst01214944</subfield></datafield><datafield ind1=" " ind2=" " tag="752"><subfield code="a">United States</subfield><subfield code="b">Florida</subfield><subfield code="c">Polk</subfield><subfield code="d">Fort Meade.</subfield></datafield><datafield ind1="0" ind2="0" tag="780"><subfield code="t">Leader (Fort Meade, Fla.)</subfield><subfield code="w">(DLC)sn 97027574</subfield><subfield code="w">(OCoLC)36672945</subfield></datafield><datafield ind1="0" ind2="4" tag="785"><subfield code="t">Polk County Democrat (Bartow, Fla.)</subfield><subfield code="w">(DLC)sn 95047484</subfield><subfield code="w">(OCoLC)33886838</subfield></datafield><datafield ind1=" " ind2=" " tag="850"><subfield code="a">FU</subfield></datafield></record>